% Templates:
%   E-Mail & Domains
%   @MISC{Key,
%       AUTHOR = {Surname, Name},
%       YEAR = {YYYY},
%       MONTH = {MM},
%       TITLE = {TITLE},
%       URL = {\url{UTL}},
%       PUBLISHER = {PUBLISHER},
%       ADDRESS = {New York},
%       URLDATE = {YYYY-MM-DD},
%       NOTE = {}
%   }
%   @PROCEEDINGS{Key,
%       AUTHOR = {Surname, Name und Surname, Name},
%       YEAR = {YYYY},
%       MONTH = {MM},
%       TITLE = {TITLE},
%       PAGES = {PAGE-PAGE},
%       URL = {\url{UTL}},
%       URLDATE = {YYYY-MM-DD},
%       INSTITUTION = {{INSTITUTION}}
%   }
%   @BOOK{Key,
%       AUTHOR = {Surname, Name},
%       YEAR = {YYYY},
%       MONTH = {MM},
%       TITLE = {TITLE},
%       EDITION = {X. AUFLAGE},
%       ISBN = {978-3-658-01588-6},
%       PUBLISHER = {PUBLISHER},
%       ADDRESS = {ADDRESS},
%   }
%   @UNPUBLISHED{Key,
%       AUTHOR = {Surname, Name},
%       YEAR = {YYYY},
%       MONTH = {MM},
%       TITLE = {TITLE},
%       TYPE = {TYPE_NAME}
%   }
%
%   An article from a journal or magazine
%   @ARTICLE{Key,
%       AUTHOR = {Surname, Name},
%       YEAR = {YYYY},
%       MONTH = {MM},
%       TITLE = {TITLE},
%       PAGES = {PAGE-PAGE},
%       VOLUME = {VOLUME},
%       NUMBER = {NUMBER},
%       ISSN = {ISSN},
%       JOURNAL = {JOURNAL},
%       DOI = {\url{10.15358/0935-0381-2015-7-392}}
%   }
%
%   A report published by a school or other institution, usually numbered within a series.
%   @TECHREPORT{Key,
%       AUTHOR = {Surname, Name},
%       YEAR = {YYYY},
%       MONTH = {MM},
%       TITLE = {TITLE},
%       NUMBER = {NUMBER},
%       INSTITUTION = {INSTITUTION},
%       URL = {\url{URL}}
%   }


@MISC{rust-blog.rust1-0,
    AUTHOR = {{The Rust Core Team}},
    YEAR = {2015},
    MONTH = {05},
    TITLE = {Announcing Rust 1.0},
    URL = {https://blog.rust-lang.org/2015/05/15/Rust-1.0.html},
    PUBLISHER = {{Rust Blog}},
    URLDATE = {2021-04-17},
}

@MISC{rust-blog.rust1-51,
    AUTHOR = {{The Rust Core Team}},
    YEAR = {2021},
    MONTH = {03},
    TITLE = {Announcing Rust 1.51.0},
    URL = {https://blog.rust-lang.org/2021/03/25/Rust-1.51.0.html},
    PUBLISHER = {{Rust Blog}},
    URLDATE = {2021-04-17},
}

@MISC{github.rustup.1461,
    AUTHOR = {Lusby, Jane},
    YEAR = {2018},
    MONTH = {07},
    TITLE = {Add clippy to the tools list \#1461},
    URL = {https://github.com/rust-lang/rustup/pull/1461},
    URLDATE = {2021-04-17},
}

@MISC{github.clippy.readme,
    AUTHOR = {{The Rust Clippy Developers}},
    YEAR = {2021},
    MONTH = {03},
    TITLE = {Clippy},
    URL = {https://github.com/rust-lang/rust-clippy/blob/7fcd1/README.md},
    URLDATE = {2021-04-17},
}