% See https://www.bibtex.com/e/entry-types/

@book{cooper2008,
  author    = {Cooper, Keith D and Torczon, Linda},
  year      = {2008},
  title     = {Engineering a compiler},
  publisher = {Morgan Kaufmann Publishers},
  isbn      = {1-55860-699-8}
}

@book{thain2021,
  author    = {Douglas Thain},
  year      = {2021},
  title     = {Introduction to Compilers and Language Design},
  edition   = {second edition},
  isbn      = {979-8-655-18026-0},
  note      = {\note{See \url{http://compilerbook.org} (Accessed 2021-10-21)}}
}

@book{slonneger1995,
  author    = {Kenneth Slonneger and Barry L. Kurtz},
  year      = {1995},
  title     = {Formal Syntax and Semantics of Programming Languages},
  publisher = {Addison-Wesley},
  isbn      = {0-201-65697-3},
  note      = {\note{\url{http://homepage.divms.uiowa.edu/~slonnegr/plf/Book/}}}
}

@book{robinson2015,
  author    = {Ian Robinson and Jim Webber and Emil Eifrém},
  year      = {2015},
  title     = {Graph Databases},
  edition   = {2nd Edition},
  publisher = {O'Reilly Media},
  isbn      = {978-1-491-93200-1},
}

@article{chow2013,
    author = {Chow, Fred},
    title = {Intermediate Representation: The Increasing Significance of Intermediate Representations in Compilers},
    year = {2013},
    issue_date = {October 2013},
    publisher = {Association for Computing Machinery},
    address = {New York, NY, USA},
    volume = {11},
    number = {10},
    issn = {1542-7730},
    url = {https://doi.org/10.1145/2542661.2544374},
    doi = {10.1145/2542661.2544374},
    journal = {Queue},
    pages = {30–37},
    numpages = {8}
}

@article{angles2017,
    author = {Angles, Renzo and Arenas, Marcelo and Barcel\'{o}, Pablo and Hogan, Aidan and Reutter, Juan and Vrgo\v{c}, Domagoj},
    title = {Foundations of Modern Query Languages for Graph Databases},
    year = {2017},
    issue_date = {November 2017},
    publisher = {Association for Computing Machinery},
    address = {New York, NY, USA},
    volume = {50},
    number = {5},
    issn = {0360-0300},
    url = {https://doi.org/10.1145/3104031},
    doi = {10.1145/3104031},
    journal = {ACM Computing Surveys},
    articleno = {68},
    numpages = {40},
}

@article{jung2021,
    author = {Jung, Ralf and Jourdan, Jacques-Henri and Krebbers, Robbert and Dreyer, Derek},
    title = {Safe Systems Programming in Rust},
    year = {2021},
    issue_date = {April 2021},
    publisher = {Association for Computing Machinery},
    address = {New York, NY, USA},
    volume = {64},
    number = {4},
    issn = {0001-0782},
    url = {https://doi.org/10.1145/3418295},
    doi = {10.1145/3418295},
    journal = {Commun. ACM},
    pages = {144–152},
    numpages = {9}
}


@article{allen1970,
    author = {Allen, Frances E.},
    title = {Control Flow Analysis},
    year = {1970},
    issue_date = {July 1970},
    publisher = {Association for Computing Machinery},
    address = {New York, NY, USA},
    volume = {5},
    number = {7},
    issn = {0362-1340},
    url = {https://doi.org/10.1145/390013.808479},
    doi = {10.1145/390013.808479},
    journal = {SIGPLAN Notices},
    pages = {1–19},
    numpages = {19}
}

@misc{matsakis2016.mir,
  author       = {Niko Matsakis},
  title        = {Introducing MIR},
  howpublished = {\url{https://blog.rust-lang.org/2016/04/19/MIR.html}},
  year         = {2016},
  note         = {Accessed: 2021-11-14}
}

@misc{rustcdev2020.syntax,
  author       = {{Rustc developers}},
  title        = {Syntax and the AST},
  howpublished = {\url{https://rustc-dev-guide.rust-lang.org/syntax-intro.html}},
  year         = {2020},
  note         = {Accessed: 2021-11-11}
}

@misc{rustcdev2020.hir,
  author       = {{Rustc developers}},
  title        = {The HIR},
  howpublished = {\url{https://rustc-dev-guide.rust-lang.org/hir.html}},
  year         = {2020},
  note         = {Accessed: 2021-11-15}
}

@misc{rustcdev2020.thir,
  author       = {{Rustc developers}},
  title        = {The THIR},
  howpublished = {\url{https://rustc-dev-guide.rust-lang.org/thir.html}},
  year         = {2021},
  note         = {Accessed: 2021-11-15}
}

@misc{rustcdev2021.diagnostic,
  author       = {{Rustc developers}},
  title        = {Errors and Lints},
  howpublished = {\url{https://rustc-dev-guide.rust-lang.org/diagnostics.html}},
  year         = {2021},
  note         = {Accessed: 2021-11-16}
}

@misc{rustcdev2021.ty-types,
  author       = {{Rustc developers}},
  title        = {The ty module: representing types},
  howpublished = {\url{https://rustc-dev-guide.rust-lang.org/ty.html}},
  year         = {2021},
  note         = {Accessed: 2021-11-16}
}

@misc{rust-lang0000.docs-lintstore,
    author = {{The Rust Project Developers}},
    title  = {Struct rustc\_lint::LintStore},
    howpublished = {\url{https://doc.rust-lang.org/nightly/nightly-rustc/rustc\_lint/struct.LintStore.html}},
    note = {Accessed: 2021-11-18}
}

@misc{rust-lang0000.docs-hir-expr,
    author = {{The Rust Project Developers}},
    title  = {Enum rustc\_hir::hir::ExprKind},
    howpublished = {\url{https://doc.rust-lang.org/nightly/nightly-rustc/rustc_hir/hir/enum.ExprKind.html}},
    note = {Accessed: 2021-11-18}
}

@misc{rust-lang0000.docs-hir-node,
    author = {{The Rust Project Developers}},
    title  = {Enum rustc\_hir::hir::Node},
    howpublished = {\url{https://doc.rust-lang.org/nightly/nightly-rustc/rustc_hir/hir/enum.Node.html}},
    note = {Accessed: 2021-11-18}
}

@misc{rust-lang0000.website,
    author = {{The Rust Project Developers}},
    title  = {Rust},
    howpublished = {\url{https://www.rust-lang.org/}},
    year         = {2021},
    note = {Accessed: 2021-10-26}
}

@misc{rust-lang0000.license,
    author = {{The Rust Project Developers}},
    title  = {Licenses},
    howpublished = {\url{https://www.rust-lang.org/policies/licenses}},
    note = {Accessed: 2021-10-26}
}

@misc{clippy0000.readme,
    author = {{The Rust Clippy Developers}},
    title  = {Clippy},
    howpublished = {\url{https://github.com/rust-lang/rust-clippy}},
    year         = {2021},
    note = {Accessed: 2021-11-18}
}

@misc{clippy0000.addlint,
    author = {{The Rust Clippy Developers}},
    title  = {Adding a new lint},
    howpublished = {\url{https://github.com/rust-lang/rust-clippy/blob/master/doc/adding_lints.md}},
    year         = {2021},
    note = {Accessed: 2021-11-18}}
}

@misc{clippy2020.5518,
    author = {Philipp Krones and {The Rust Clippy Developers}},
    year = {2020},
    title  = {[WIP] Register redundant\_field\_names and non\_ expressive\_names as early passes},
    howpublished = {\url{https://github.com/rust-lang/rust-clippy/pull/5518}},
    note = {Accessed: 2021-11-04}
}

@misc{clippy2021.6538,
    author = {Jason Newcomb and {The Rust Clippy Developers}},
    year = {2021},
    title  = {New lint: vec\_init\_then\_push},
    howpublished = {\url{https://github.com/rust-lang/rust-clippy/pull/6538}},
    note = {Accessed: 2021-11-18}
}

@misc{rust2020.69838,
    author = {Mazdak Farrokhzad and {The Rust Project Developers}},
    year = {2020},
    title  = {Expansion-driven outline module parsing},
    howpublished = {\url{https://github.com/rust-lang/rust/pull/69838}},
    note = {Accessed: 2021-11-04}
}

@misc{rust-internals.stable-api,
    author = {Jacob Pratt and {et. al.}},
    title  = {Towards a Stable Compiler API and Custom Lints},
    howpublished = {\url{https://internals.rust-lang.org/t/towards-a-stable-compiler-api-and-custom-lints/15048}},
    year         = {2021},
    note = {Accessed: 2021-11-17}
}